<?xml version="1.0" encoding="UTF-8"?><collection xmlns="http://www.loc.gov/MARC21/slim"><record><leader>00401nam--2200157-i-4500</leader><controlfield tag="001">000014009</controlfield><controlfield tag="002">20161230</controlfield><controlfield tag="005">20170222181802</controlfield><controlfield tag="008">060222s1000------------r-----000-0-eng-d</controlfield><datafield ind1=" " ind2=" " tag="100"><subfield code="a">Breban, Maria Luiza</subfield></datafield><datafield ind1=" " ind2=" " tag="245"><subfield code="a">Dictionar de matalurgie roman-englez</subfield></datafield><datafield ind1=" " ind2=" " tag="260"><subfield code="a">Bucuresti</subfield><subfield code="b">Ed.Tehnica</subfield><subfield code="c">1982</subfield></datafield><datafield ind1=" " ind2=" " tag="300"><subfield code="a">358 p</subfield></datafield><datafield ind1=" " ind2=" " tag="700"><subfield code="a">Ionescu, L</subfield></datafield><datafield ind1=" " ind2=" " tag="852"><subfield code="a">669(038)=590=20</subfield></datafield><datafield ind1=" " ind2=" " tag="CAT"><subfield code="a">SYS</subfield><subfield code="c">20170222</subfield><subfield code="h">181802</subfield></datafield></record></collection>